@inproceedings{Church,
  Author = {Noah D. Goodman and Vikash K. Mansinghka and Daniel M. Roy and Keith Bonawitz and Joshua B. Tenenbaum},
  Booktitle = {UAI 2008},
  Title = {{Church: a language for generative models}},
  }

@article{Venture,
  Author = {Vikash K. Mansinghka and Daniel Selsam and Yura N. Perov},
  Journal = {CoRR},
  Title = {{Venture: a higher-order probabilistic programming platform with programmable inference}},
  Volume = {arXiv:1404.0099},
  Year = {2014}}

@inproceedings{Anglican,
  Author = {Wood, F. and van de Meent, J. W. and Mansinghka, V.},
  Booktitle = {AISTATS 2014},
  Title = {{A New Approach to Probabilistic Programming Inference}}}

@inproceedings{Lightweight,
  title = {{Lightweight Implementations of Probabilistic Programming Languages Via Transformational Compilation}},
  author = {David Wingate and Andreas Stuhlm\"uller and Noah D. Goodman},
  booktitle = {AISTATS 2011},
}

@inproceedings{AmortizedInference,
  author = {Gershman, Sam and Goodman, Noah D.},
  booktitle = {Proceedings of the Thirty-Sixth Annual Conference of the {C}ognitive {S}cience {S}ociety},
  title = {{Amortized Inference in Probabilistic Reasoning}},
  year = {2014}
}

@inproceedings{StochasticInverses,
  author = {Andreas Stuhlm\"{u}ller and Jessica Taylor and Noah D. Goodman},
  title = {{Learning Stochastic Inverses}},
  booktitle = {NIPS 2013},
}

@inproceedings{NeuralStochasticInverses,
  title = {{Inference Networks for Sequential Monte Carlo in Graphical Models}},
  author = {Paige, B. and Wood, F.},
  booktitle = {ICML 2016},
}

@article{VariationalInference,
  author    = {M. Jordan and Z. Ghahramani and T. Jaakkola and L. Saul},
  title     = {{Introduction to variational methods for graphical
models}},
  journal   = {Machine Learning},
  volume    = {37},
  year      = {1999},
}

@article{GuidePrograms,
  author    = {Georges Harik and Noam Shazeer},
  title     = {{Variational Program Inference}},
  journal   = {CoRR},
  volume    = {arXiv:1006.0991},
  year      = {2010},
}

@inproceedings{AVIPP,
  title={{Automated Variational Inference in Probabilistic Programming}},
  author={Wingate, David and Weber, Theophane},
  booktitle={NIPS 2012 Workshop on Probabilistic Programming},
}

@inproceedings{BBVI,
  title={{Black Box Variational Inference}},
  author={J. Manning and R. Ranganath and K. Norman and D. Blei},
  booktitle={AISTATS 2014},
}

@inproceedings{NVIL,
  title={{Neural Variational Inference and Learning in Belief Networks}},
  author={Mnih, Andriy and Gregor, Karol},
  booktitle={ICML 2014},
}

@inproceedings{DLGM,
  title={{Stochastic Backpropagation and Approximate Inference in Deep Generative Models}},
  author={Rezende, Danilo Jimenez and Mohamed, Shakir and Wierstra, Daan},
  booktitle={ICML 2014},
}

@inproceedings{AEVB,
  title={{Auto-Encoding Variational Bayes}},
  author={Kingma, Diederik P. and Welling, Max},
  booktitle={ICLR 2014},
}

@inproceedings{NASMC,
  title={{Neural Adaptive Sequential Monte Carlo}},
  author={Gu, Shixiang and Ghahramani, Zoubin and Turner, Richard E.},
  booktitle={NIPS 2015},
}

@article{REINFORCE,
year={1992},
journal={Machine Learning},
volume={8},
title={{Simple statistical gradient-following algorithms for connectionist reinforcement learning}},
author={Williams, Ronald J.},
}

@book{MacKayBook,
 author = {MacKay, David J. C.},
 title = {{Information Theory, Inference \& Learning Algorithms}},
 year = {2002},
 publisher = {Cambridge University Press},
} 

@misc{WebPPL,
  title = {{The Design and Implementation of Probabilistic Programming Languages}},
  author = {Goodman, Noah D. and Stuhlm\"{u}ller, Andreas},
  year = {2014},
  howpublished = {\url{http://dippl.org}},
  note = {Accessed: 2015-12-23}
}

@inproceedings{Adam,
  title = {{Adam: A Method for Stochastic Optimization}},
  author = {Diederik P. Kingma and Jimmy Ba},
  booktitle={ICLR 2015},
}

@incollection{MLP,
 author = {Rumelhart, D. E. and Hinton, G. E. and Williams, R. J.},
 chapter = {{Learning Internal Representations by Error Propagation}},
 title = {{Parallel Distributed Processing: Explorations in the Microstructure of Cognition, Vol. 1}},
 editor = {Rumelhart, David E. and McClelland, James L. and PDP Research Group, CORPORATE},
 year = {1986},
 publisher = {MIT Press},
} 

@article{UniversalApproximation,
year={1989},
journal={Mathematics of Control, Signals and Systems},
title={{Approximation by superpositions of a sigmoidal function}},
author={Cybenko, G.},
}

@inproceedings{RecurrentVisualAttention,
title = {{Recurrent Models of Visual Attention}},
author = {Mnih, Volodymyr and Heess, Nicolas and Graves, Alex and Kavukcuoglu, Koray},
booktitle = {NIPS 2014},
}

@article{RecurrentHandwriting,
  author    = {Alex Graves},
  title     = {{Generating Sequences With Recurrent Neural Networks}},
  journal   = {CoRR},
  volume    = {arXiv:1308.0850},
  year      = {2013},
}

@article{QMR,
  author = {Shwe, M., Middleton, B., Heckerman, D., Henrion, M., Horvitz, E., Lehmann, H., G. Cooper},
  title = {{Probabilistic diagnosis using a reformulation of the INTERNIST-1/QMR knowledge base. I. The probabilistic model and inference algorithms}},
  journal = {Methods of Information in Medicine},
  volume = {30}
}

@inproceedings{NGPM,
  author = {Daniel Ritchie and Anna Thomas and Pat Hanrahan and Noah D. Goodman},
  title = {{Neurally-Guided Procedural Models: Amortized Inference for Procedural Graphics Programs using Neural Networks}},
  booktitle = {NIPS 2016},
}

@inproceedings{Adam,
  title = {{Adam: A Method for Stochastic Optimization}},
  author = {Diederik P. Kingma and Jimmy Ba},
  booktitle={ICLR 2015},
}

@inproceedings{StochasticComputationGraphs,
  title = {{Gradient Estimation Using Stochastic Computation Graphs}},
  author = {John Schulman and Nicolas Hess and Theophane Weber and Pieter Abbeel},
  booktitle={NIPS 2015},
}

@article{ScoreFunctionEstimator,
  author    = {M. C. Fu},
  title     = {{Gradient Estimation}},
  journal   = {Handbooks in operations research and management science},
  volume    = {13},
  year      = {2006},
}

@article{LikelihoodRatioEstimator,
  author    = {P. W. Glynn},
  title     = {{Likelihood ratio gradient estimation for stochastic systems}},
  journal   = {Communications of the ACM},
  volume    = {33(10)},
  year      = {1990},
}

@book{PathwiseEstimator,
  author    = {P. Glasserman},
  title     = {{Monte Carlo Methods in Financial Engineering}},
  year      = {2003},
  publisher = {Springer Science \& Business},
}

@inproceedings{ADVI,
  title = {{Automatic Variational Inference in Stan}},
  author = {Alp Kucukelbir and Rajesh Ranganath and Andrew Gelman and David M. Blei},
  booktitle={NIPS 2015},
}

@article{VarianceReduction,
  author    = {E. Greensmith and P. L. Bartlett and J. Baxter},
  title     = {{Variance reduction techniques for gradient estimates in
reinforcement learning}},
  journal   = {The Journal of Machine Learning Research},
  volume    = {5},
  year      = {2004},
}

@inproceedings{QMR,
  title = {{An Empirical Analysis of Likelihood-Weighting Simulation on a Large, Multiply-Connected Belief Network}},
  author = {Michael Shwe and Gregory F. Cooper},
  booktitle={UAI 1990},
}



